@article{chris,
author = {Curtis, Christopher and Carretero-Gonzalez, Ricardo and Polimeno, Matteo},
year = {2019},
month = {06},
pages = {},
title = {Characterizing coherent structures in Bose-Einstein condensates through dynamic-mode decomposition},
volume = {99},
journal = {Physical Review E},
doi = {10.1103/PhysRevE.99.062215}
}

@article{Albert_2002,
   title={Statistical mechanics of complex networks},
   volume={74},
   ISSN={1539-0756},
   url={http://dx.doi.org/10.1103/RevModPhys.74.47},
   DOI={10.1103/revmodphys.74.47},
   number={1},
   journal={Reviews of Modern Physics},
   publisher={American Physical Society (APS)},
   author={Albert, Réka and Barabási, Albert-László},
   year={2002},
   month={Jan},
   pages={47–97}
}

@article{Barabasi_1999,
   title={Emergence of Scaling in Random Networks},
   volume={286},
   ISSN={1095-9203},
   url={http://dx.doi.org/10.1126/science.286.5439.509},
   DOI={10.1126/science.286.5439.509},
   number={5439},
   journal={Science},
   publisher={American Association for the Advancement of Science (AAAS)},
   author={Barabási, Albert-László and Albert, Réka},
   year={1999},
   month={Oct},
   pages={509–512}
}

@inproceedings{thij,
author = {ten Thij, Marijn and Ouboter, Tanneke and Worm, Daniël and Litvak, Nelly and Berg, Hans and Bhulai, Sandjai},
year = {2015},
month = {01},
pages = {},
title = {Modelling of Trends in Twitter Using Retweet Graph Dynamics},
isbn = {978-3-319-13122-1},
doi = {10.1007/978-3-319-13123-8_11}
}

@article{Williams_2015,
   title={A Data–Driven Approximation of the Koopman Operator: Extending Dynamic Mode Decomposition},
   volume={25},
   ISSN={1432-1467},
   url={http://dx.doi.org/10.1007/s00332-015-9258-5},
   DOI={10.1007/s00332-015-9258-5},
   number={6},
   journal={Journal of Nonlinear Science},
   publisher={Springer Science and Business Media LLC},
   author={Williams, Matthew O. and Kevrekidis, Ioannis G. and Rowley, Clarence W.},
   year={2015},
   month={Jun},
   pages={1307–1346}
}

@article{H_Tu_2014,
   title={On dynamic mode decomposition:  Theory and applications},
   volume={1},
   ISSN={2158-2505},
   url={http://dx.doi.org/10.3934/jcd.2014.1.391},
   DOI={10.3934/jcd.2014.1.391},
   number={2},
   journal={Journal of Computational Dynamics},
   publisher={American Institute of Mathematical Sciences (AIMS)},
   author={H. Tu, Jonathan and W. Rowley, Clarence and M. Luchtenburg, Dirk and L. Brunton, Steven and Nathan Kutz, J.},
   year={2014},
   pages={391–421}
}

@book{doi:10.1137/1.9781611974508,
author = {Kutz, J. Nathan and Brunton, Steven L. and Brunton, Bingni W. and Proctor, Joshua L.},
title = {Dynamic Mode Decomposition},
publisher = {Society for Industrial and Applied Mathematics},
year = {2016},
doi = {10.1137/1.9781611974508},
address = {Philadelphia, PA},
edition   = {},
URL = {https://epubs.siam.org/doi/abs/10.1137/1.9781611974508},
eprint = {https://epubs.siam.org/doi/pdf/10.1137/1.9781611974508}
}

@article{allen2020evaluating,
  title={Evaluating the fake news problem at the scale of the information ecosystem},
  author={Allen, Jennifer and Howland, Baird and Mobius, Markus and Rothschild, David and Watts, Duncan J},
  journal={Science Advances},
  volume={6},
  number={14},
  pages={eaay3539},
  year={2020},
  publisher={American Association for the Advancement of Science}
}

@article{wojcik2019sizing,
  title={Sizing up Twitter users},
  author={Wojcik, Stefan and Hughes, Adam},
  journal={PEW research center},
  volume={24},
  year={2019}
}

@article{bovet2019influence,
  title={Influence of fake news in Twitter during the 2016 US presidential election},
  author={Bovet, Alexandre and Makse, Hern{\'a}n A},
  journal={Nature communications},
  volume={10},
  number={1},
  pages={1--14},
  year={2019},
  publisher={Nature Publishing Group}
}

@article{mosleh2021cognitive,
  title={Cognitive reflection correlates with behavior on Twitter},
  author={Mosleh, Mohsen and Pennycook, Gordon and Arechar, Antonio A and Rand, David G},
  journal={Nature communications},
  volume={12},
  number={1},
  pages={1--10},
  year={2021},
  publisher={Nature Publishing Group}
}

@inproceedings{garimella2017long,
  title={A long-term analysis of polarization on Twitter},
  author={Garimella, Venkata Rama Kiran and Weber, Ingmar},
  booktitle={Proceedings of the International AAAI Conference on Web and Social Media},
  volume={11},
  number={1},
  year={2017}
}

@article{ferrara2020covid,
  title={\# covid-19 on twitter: Bots, conspiracies, and social media activism},
  author={Ferrara, Emilio},
  journal={arXiv preprint arXiv:2004.09531},
  year={2020}
}

@article{Shao_2018,
   title={The spread of low-credibility content by social bots},
   volume={9},
   ISSN={2041-1723},
   url={http://dx.doi.org/10.1038/s41467-018-06930-7},
   DOI={10.1038/s41467-018-06930-7},
   number={1},
   journal={Nature Communications},
   publisher={Springer Science and Business Media LLC},
   author={Shao, Chengcheng and Ciampaglia, Giovanni Luca and Varol, Onur and Yang, Kai-Cheng and Flammini, Alessandro and Menczer, Filippo},
   year={2018},
   month={Nov}
}

@InProceedings{alon,
author="Alon, Noga
and Yuster, Raphael
and Zwick, Uri",
editor="van Leeuwen, Jan",
title="Finding and counting given length cycles",
booktitle="Algorithms --- ESA '94",
year="1994",
publisher="Springer Berlin Heidelberg",
address="Berlin, Heidelberg",
pages="354--364",
abstract="We present an assortment of methods for finding and counting simple cycles of a given length in directed and undirected graphs. Most of the bounds obtained depend solely on the number of edges in the graph in question, and not on the number of vertices. The bounds obtained improve upon various previously known results.",
isbn="978-3-540-48794-4"
}

@article{bessi,
author = {Bessi, Alessandro and Petroni, Fabio and Del Vicario, Michela and Zollo, Fabiana and Anagnostopoulos, Aris and Scala, Antonio and Caldarelli, Guido and Quattrociocchi, Walter},
year = {2016},
month = {10},
pages = {},
title = {Homophily and polarization in the age of misinformation},
volume = {225},
journal = {The European Physical Journal Special Topics},
doi = {10.1140/epjst/e2015-50319-0}
}

@article{bitcoin,
title = {Does twitter predict Bitcoin?},
journal = {Economics Letters},
volume = {174},
pages = {118-122},
year = {2019},
issn = {0165-1765},
doi = {https://doi.org/10.1016/j.econlet.2018.11.007},
url = {https://www.sciencedirect.com/science/article/pii/S0165176518304634},
author = {Dehua Shen and Andrew Urquhart and Pengfei Wang},
keywords = {Bitcoin, Twitter, Investor attention, VAR, Granger causality},
abstract = {This paper adds to the growing literature of Bitcoin by examining the link between investor attention and Bitcoin returns, trading volume and realized volatility. Unlike previous studies, we employ the number of tweets from Twitter as a measure of attention rather than Google trends as we argue this is a better measure of attention from more informed investors. We find that the number of tweets is a significant driver of next day trading volume and realized volatility which is supported by linear and nonlinear Granger causality tests.}
}

@article{stonks,
title = {Using Twitter trust network for stock market analysis},
journal = {Knowledge-Based Systems},
volume = {145},
pages = {207-218},
year = {2018},
issn = {0950-7051},
doi = {https://doi.org/10.1016/j.knosys.2018.01.016},
url = {https://www.sciencedirect.com/science/article/pii/S0950705118300248},
author = {Yefeng Ruan and Arjan Durresi and Lina Alfantoukh},
keywords = {Twitter trust network, Trust management, Stock abnormal return, Sentiment analysis, Linear regression},
}

@article{Grant,
author = {Grant Blank},
title ={The Digital Divide Among Twitter Users and Its Implications for Social Research},
journal = {Social Science Computer Review},
volume = {35},
number = {6},
pages = {679-697},
year = {2017},
doi = {10.1177/0894439316671698},

URL = { 
        https://doi.org/10.1177/0894439316671698
    
},
eprint = { 
        https://doi.org/10.1177/0894439316671698
    
}
}

@article{pierri,
author = {Pierri, Francesco and Piccardi, Carlo and Ceri, Stefano},
year = {2019},
month = {06},
pages = {},
title = {Topology comparison of Twitter diffusion networks reliably reveals disinformation news}
}

@misc{elontweet,
  author = {Jessica Bursztynsky},
  title = {Tesla shares tank after Elon Musk tweets the stock price is ‘too high’},
  howpublished = {\url {"https://www.cnbc.com/2020/05/01/tesla-ceo-elon-musk-says-stock-price-is-too-high-shares-fall.html"}},
  year = {2020}, 
  month = {March},
  editor = {CNBC},
  note = "[Online; accessed 15-March-2021]"
}

@misc{elontweet2,
  author = {Ryan Browne},
  title = {Bitcoin spikes 20\url{\%} after Elon Musk adds \url{\#}bitcoin to his Twitter bio},
  howpublished = {\url {"https://www.cnbc.com/2021/01/29/bitcoin-spikes-20percent-after-elon-musk-adds-bitcoin-to-his-twitter-bio.html"}},
  year = {2020}, 
  month = {March},
  editor = {CNBC},
  note = "[Online; accessed 15-March-2021]"
}

@misc{dogecoin,
  author = {Ryan Browne},
  title = {Tweets from Elon Musk and other celebrities send dogecoin to a record high},
  howpublished = {\url {"https://www.cnbc.com/2021/02/08/tweets-from-elon-musk-and-celebrities-send-dogecoin-to-a-record-high.html"}},
  year = {2020}, 
  month = {February},
  editor = {CNBC},
  note = "[Online; accessed 19-March-2021]"
}

@book{barabasi2016network,
  added-at = {2016-10-10T20:23:59.000+0200},
  address = {Cambridge},
  author = {Barabási, Albert-László and Pósfai, Márton},
  biburl = {https://www.bibsonomy.org/bibtex/22a71231091413325c03aaed76c32a66b/schmitz},
  description = {Network Science: Albert-László Barabási: 9781107076266: Amazon.com: Books},
  interhash = {2dcba3ae6b58627716c5d2a63f7c0855},
  intrahash = {2a71231091413325c03aaed76c32a66b},
  isbn = {9781107076266 1107076269},
  keywords = {required sna snaseminar},
  publisher = {Cambridge University Press},
  refid = {958874494},
  timestamp = {2016-12-18T12:26:46.000+0100},
  title = {Network science},
  url = {http://barabasi.com/networksciencebook/},
  year = 2016
}

@article{Bhamidi_2015,
   title={Twitter event networks and the Superstar model},
   volume={25},
   ISSN={1050-5164},
   url={http://dx.doi.org/10.1214/14-AAP1053},
   DOI={10.1214/14-aap1053},
   number={5},
   journal={The Annals of Applied Probability},
   publisher={Institute of Mathematical Statistics},
   author={Bhamidi, Shankar and Steele, J. Michael and Zaman, Tauhid},
   year={2015},
   month={Oct}
}

@misc{brunton2021modern,
      title={Modern Koopman Theory for Dynamical Systems}, 
      author={Steven L. Brunton and Marko Budišić and Eurika Kaiser and J. Nathan Kutz},
      year={2021},
      eprint={2102.12086},
      archivePrefix={arXiv},
      primaryClass={math.DS}
}

@Article{Aparicio,
AUTHOR = {Aparicio, Sofía and Villazón-Terrazas, Javier and Álvarez, Gonzalo},
TITLE = {A Model for Scale-Free Networks: Application to Twitter},
JOURNAL = {Entropy},
VOLUME = {17},
YEAR = {2015},
NUMBER = {8},
PAGES = {5848--5867},
URL = {https://www.mdpi.com/1099-4300/17/8/5848},
ISSN = {1099-4300},
DOI = {10.3390/e17085848}
}

@article{Bollen2011,
title = {Twitter mood predicts the stock market},
journal = {Journal of Computational Science},
volume = {2},
number = {1},
pages = {1-8},
year = {2011},
issn = {1877-7503},
doi = {https://doi.org/10.1016/j.jocs.2010.12.007},
url = {https://www.sciencedirect.com/science/article/pii/S187775031100007X},
author = {Johan Bollen and Huina Mao and Xiaojun Zeng},
keywords = {Social networks, Sentiment tracking, Stock market, Collective mood},
}

@article {Milo824,
	author = {Milo, R. and Shen-Orr, S. and Itzkovitz, S. and Kashtan, N. and Chklovskii, D. and Alon, U.},
	title = {Network Motifs: Simple Building Blocks of Complex Networks},
	volume = {298},
	number = {5594},
	pages = {824--827},
	year = {2002},
	doi = {10.1126/science.298.5594.824},
	publisher = {American Association for the Advancement of Science},
	issn = {0036-8075},
	URL = {https://science.sciencemag.org/content/298/5594/824},
	eprint = {https://science.sciencemag.org/content/298/5594/824.full.pdf},
	journal = {Science}
}


@article{biomotif,
    doi = {10.1371/journal.pbio.0030343},
    author = {Prill, Robert J AND Iglesias, Pablo A AND Levchenko, Andre},
    journal = {PLOS Biology},
    publisher = {Public Library of Science},
    title = {Dynamic Properties of Network Motifs Contribute to Biological Network Organization},
    year = {2005},
    month = {10},
    volume = {3},
    url = {https://doi.org/10.1371/journal.pbio.0030343},
    pages = {null},
    number = {11},

}

@article{bioAlbert,
    author = {Albert, István and Albert, Réka},
    title = "{Conserved network motifs allow protein–protein interaction prediction}",
    journal = {Bioinformatics},
    volume = {20},
    number = {18},
    pages = {3346-3352},
    year = {2004},
    month = {07},
    issn = {1367-4803},
    doi = {10.1093/bioinformatics/bth402},
    url = {https://doi.org/10.1093/bioinformatics/bth402},
    eprint = {https://academic.oup.com/bioinformatics/article-pdf/20/18/3346/519976/bth402.pdf},
}

@article{motifdiscovery,
    author = {Jazayeri, Ali and Yang, Christopher C},
    title = "{Motif discovery algorithms in static and temporal networks: A survey}",
    journal = {Journal of Complex Networks},
    volume = {8},
    number = {4},
    year = {2020},
    month = {12},
    issn = {2051-1329},
    doi = {10.1093/comnet/cnaa031},
    url = {https://doi.org/10.1093/comnet/cnaa031},
    note = {cnaa031},
    eprint = {https://academic.oup.com/comnet/article-pdf/8/4/cnaa031/34925636/cnaa031.pdf},
}


Export Citations

@inproceedings{temporalmotifs,
author = {Paranjape, Ashwin and Benson, Austin R. and Leskovec, Jure},
title = {Motifs in Temporal Networks},
year = {2017},
isbn = {9781450346757},
publisher = {Association for Computing Machinery},
address = {New York, NY, USA},
url = {https://doi.org/10.1145/3018661.3018731},
doi = {10.1145/3018661.3018731},
booktitle = {Proceedings of the Tenth ACM International Conference on Web Search and Data Mining},
pages = {601–610},
numpages = {10},
keywords = {temporal networks, motifs},
location = {Cambridge, United Kingdom},
series = {WSDM '17}
}

@misc{zhang2017evaluating,
title={Evaluating the accuracy of the dynamic mode decomposition}, 
author={Hao Zhang and Scott T. M. Dawson and Clarence W. Rowley and Eric A. Deem and Louis N. Cattafesta},
year={2017},
eprint={1710.00745},
archivePrefix={arXiv},
primaryClass={math.DS}
}

@misc{williams2015kernelbased,
      title={A Kernel-Based Approach to Data-Driven Koopman Spectral Analysis}, 
      author={Matthew O. Williams and Clarence W. Rowley and Ioannis G. Kevrekidis},
      year={2015},
      eprint={1411.2260},
      archivePrefix={arXiv},
      primaryClass={math.DS}
}

@article{Klemm_2002,
   title={Growing scale-free networks with small-world behavior},
   volume={65},
   ISSN={1095-3787},
   url={http://dx.doi.org/10.1103/PhysRevE.65.057102},
   DOI={10.1103/physreve.65.057102},
   number={5},
   journal={Physical Review E},
   publisher={American Physical Society (APS)},
   author={Klemm, Konstantin and Eguíluz, Víctor M.},
   year={2002},
   month={May}
}

@article{Interactome,
author = {Przulj, Natasa and Jurisica, Igor},
year = {2005},
month = {01},
pages = {3508-15},
title = {Modeling Interactome: Scale-Free or Geometric?},
volume = {20},
journal = {Bioinformatics (Oxford, England)},
doi = {10.1093/bioinformatics/bth436}
}
